% Encoding: UTF-8

@book{Goodfellow-et-al-2016,
    title     = {Deep Learning},
    author    = {Goodfellow, Ian and Bengio, Yoshua and Courville, Aaron},
    publisher = {MIT Press},
    year      = {2016},
    isbn      = {978-0262035613}
}

@Misc{de2012influencia,
  author  = {de Sousa Gurj{\~a}o, Carlos Diego and de Fatima Correia, Magaly and Chaves Filho, Jos{\'e} Batista and Silva Arag{\~a}o, MR},
  title   = {Influ{\^e}ncia do Enos (El Ni{\~n}o-Oscila{\c{c}}{\~a}o Sul) no Regime Hidrol{\'o}gico do Rio S{\~a}o Francisco: uma An{\'a}lise em Regi{\~o}es com Fortes Press{\~o}es Antr{\'o}picas (Influence of Enso (El Ni{\~n}o-Southern Oscillation) in the Hydrological Regime S{\~a}o Francisco River: an Analysis...)},
  year    = {2012},
  journal = {Revista Brasileira de Geografia F{\'\i}sica},
  number  = {4},
  pages   = {774--790},
  volume  = {5},
}

@Manual{pen2024,
  title        = {Plano da Operação Energética (PEN) 2024},
  author       = {ONS},
  organization = {Operador Nacional do Sistema Elétrico},
  year         = {2024},
  annote       = {Acervo Digital},
  bdsk-url-1   = {https://www.ons.org.br/AcervoDigitalDocumentosEPublicacoes/Relato%CC%81rio%20PEN%202024%20VF.pdf},
}

@Misc{Soares2023,
  author    = {Soares, Marcos de Abreu and Costa, Hirdan Katarina de Medeiros},
  month     = apr,
  title     = {A Crise Hídrica Enfrentada em 2021: Uma Avaliação das Principais Medidas Adotadas pelo Governo},
  year      = {2023},
  doi       = {10.55905/rdelosv16.n43-001},
  issn      = {1988-5245},
  number    = {43},
  owner     = {Bernardo},
  pages     = {489--503},
  publisher = {South Florida Publishing LLC},
  volume    = {16},
}

@Misc{Vilar2020,
  author    = {Vilar, Rafaella de Araújo Aires and Correia, Magaly de Fátima and Nóbrega, Ranyére Silva and Aragão, Maria Regina da Silva and Barbieri, Leonardo Fagner Ponciano and Moura Filho, Mario Gameiro de},
  month     = mar,
  title     = {Avaliação do Impacto de Secas Severas no Nordeste Brasileiro na Geração de Energia Elétrica Através do Modelo Newave: Projeção das Energias Afluentes e Armazenadas},
  year      = {2020},
  doi       = {10.1590/0102-7786351004},
  issn      = {0102-7786},
  journal   = {Revista Brasileira de Meteorologia},
  number    = {1},
  owner     = {Bernardo},
  pages     = {89--98},
  publisher = {FapUNIFESP (SciELO)},
  volume    = {35},
}

@Manual{EPE2024,
  title        = {Balanço Energético Nacional 2024},
  author       = {EPE},
  organization = {Empresa de Pesquisa Energética},
  year         = {2024},
  bdsk-url-1   = {https://www.epe.gov.br/sites-pt/publicacoes-dados-abertos/publicacoes/PublicacoesArquivos/publicacao-819/topico-723/BEN2024.pdf},
}

@Misc{C3S2024,
  author    = {{C3S}},
  title     = {ERA5 post-processed daily statistics on single levels from 1940 to present},
  year      = {2024},
  doi       = {10.24381/CDS.4991CF48},
  publisher = {ECMWF},
}

@Misc{Andreoli2016,
  author    = {Andreoli, Rita Valéria and de Oliveira, Suzana Soares and Kayano, Mary Toshie and Viegas, Juarez and de Souza, Rodrigo Augusto Ferreira and Candido, Luiz Antonio},
  month     = may,
  title     = {The influence of different El Niño types on the South American rainfall},
  year      = {2016},
  doi       = {10.1002/joc.4783},
  issn      = {1097-0088},
  journal   = {International Journal of Climatology},
  number    = {3},
  pages     = {1374--1390},
  publisher = {Wiley},
  volume    = {37},
}

@Misc{Capozzoli2017,
  author    = {Capozzoli, Caluan Rodrigues and Cardoso, Andrea de Oliveira and Ferraz, Simone Erotildes Teleginski},
  month     = jun,
  title     = {Padrões de Variabilidade de Vazão de Rios nas Principais Bacias Brasileiras e Associação com Índices Climáticos},
  year      = {2017},
  doi       = {10.1590/0102-77863220006},
  issn      = {0102-7786},
  journal   = {Revista Brasileira de Meteorologia},
  number    = {2},
  pages     = {243--254},
  publisher = {FapUNIFESP (SciELO)},
  volume    = {32},
}

@Misc{Vaswani2017,
  author    = {Vaswani, Ashish and Shazeer, Noam and Parmar, Niki and Uszkoreit, Jakob and Jones, Llion and Gomez, Aidan N. and Kaiser, Lukasz and Polosukhin, Illia},
  title     = {Attention Is All You Need},
  year      = {2017},
  copyright = {arXiv.org perpetual, non-exclusive license},
  doi       = {10.48550/ARXIV.1706.03762},
  keywords  = {Computation and Language (cs.CL), Machine Learning (cs.LG), FOS: Computer and information sciences, FOS: Computer and information sciences},
  publisher = {arXiv},
}

@Misc{Chen2023,
  author    = {Chen, Si-An and Li, Chun-Liang and Yoder, Nate and Arik, Sercan O. and Pfister, Tomas},
  title     = {TSMixer: An All-MLP Architecture for Time Series Forecasting},
  year      = {2023},
  copyright = {Creative Commons Attribution 4.0 International},
  doi       = {10.48550/ARXIV.2303.06053},
  keywords  = {Machine Learning (cs.LG), Artificial Intelligence (cs.AI), FOS: Computer and information sciences, FOS: Computer and information sciences},
  publisher = {arXiv},
}

@Misc{Zeng2022,
  author    = {Zeng, Ailing and Chen, Muxi and Zhang, Lei and Xu, Qiang},
  title     = {Are Transformers Effective for Time Series Forecasting?},
  year      = {2022},
  copyright = {Creative Commons Attribution 4.0 International},
  doi       = {10.48550/ARXIV.2205.13504},
  keywords  = {Artificial Intelligence (cs.AI), Machine Learning (cs.LG), FOS: Computer and information sciences, FOS: Computer and information sciences},
  publisher = {arXiv},
}

@Misc{Cirino2015,
  author    = {Cirino, Paulo Henrique and Féres, José Gustavo and Braga, Marcelo José and Reis, Eustáquio},
  title     = {Assessing the Impacts of ENSO-related Weather Effects on the Brazilian Agriculture},
  year      = {2015},
  doi       = {10.1016/s2212-5671(15)00635-8},
  issn      = {2212-5671},
  journal   = {Procedia Economics and Finance},
  pages     = {146--155},
  publisher = {Elsevier BV},
  volume    = {24},
}

@Misc{Pirani2024,
  author    = {Pirani, Monica and Lorenz, Camila and de Azevedo, Thiago Salomão and Barbosa, Gerson Laurindo and Blangiardo, Marta and Chiaravalloti-Neto, Francisco},
  month     = sep,
  title     = {Effects of the El Niño-Southern Oscillation and seasonal weather conditions on Aedes aegypti infestation in the State of São Paulo (Brazil): A Bayesian spatio-temporal study},
  year      = {2024},
  doi       = {10.1371/journal.pntd.0012397},
  editor    = {Choisy, Marc},
  issn      = {1935-2735},
  journal   = {PLOS Neglected Tropical Diseases},
  number    = {9},
  pages     = {e0012397},
  publisher = {Public Library of Science (PLoS)},
  volume    = {18},
}

@Manual{epe2023,
  title        = {Escassez Hídrica em 2021 - Diagnóstico e Oportunidades para o Planejamento da Expansão da Oferta de Eletricidade},
  author       = {EPE},
  organization = {Empresa de Pesquisa Energética},
  year         = {2023},
}

@Manual{cpamp2019,
  title        = {Representação Hidrológica:Geração de Cenários},
  author       = {CPAMP, Comissão Permanente para Análise de Metodologias e Programas Computacionais do Setor Elétrico},
  organization = {MME; EPE; ONS; ANEEL; CCEE; CEPEL},
  year         = {2019},
}

@Misc{Resende2018,
  author    = {Resende, Larissa and Soares, Murilo and Ferreira, Pedro},
  month     = oct,
  title     = {Electric Power Load in Brazil: View on the Long-term Forecasting Models},
  year      = {2018},
  doi       = {10.1590/0103-6513.170081},
  issn      = {0103-6513},
  journal   = {Production},
  number    = {0},
  publisher = {FapUNIFESP (SciELO)},
  volume    = {28},
}

@Misc{Rosenblatt1958,
  author    = {Rosenblatt, F.},
  title     = {The Perceptron: A Probabilistic Model for Information Storage and Organization in the Brain.},
  year      = {1958},
  doi       = {10.1037/h0042519},
  issn      = {0033-295X},
  journal   = {Psychological Review},
  number    = {6},
  pages     = {386--408},
  publisher = {American Psychological Association (APA)},
  volume    = {65},
}

@Misc{Sanchez2006,
  author    = {Sánchez, Ismael},
  month     = jan,
  title     = {Short-termPrediction of Wind Energy Production},
  year      = {2006},
  doi       = {10.1016/j.ijforecast.2005.05.003},
  issn      = {0169-2070},
  journal   = {International Journal of Forecasting},
  number    = {1},
  pages     = {43--56},
  publisher = {Elsevier BV},
  volume    = {22},
}

@Misc{Ekambaram2024,
  author    = {Ekambaram, Vijay and Jati, Arindam and Dayama, Pankaj and Mukherjee, Sumanta and Nguyen, Nam H. and Gifford, Wesley M. and Reddy, Chandra and Kalagnanam, Jayant},
  title     = {Tiny Time Mixers (TTMs): Fast Pre-trained Models for Enhanced Zero/Few-Shot Forecasting of Multivariate Time Series},
  year      = {2024},
  copyright = {Creative Commons Attribution Non Commercial No Derivatives 4.0 International},
  doi       = {10.48550/ARXIV.2401.03955},
  keywords  = {Machine Learning (cs.LG), Artificial Intelligence (cs.AI), FOS: Computer and information sciences, FOS: Computer and information sciences},
  publisher = {arXiv},
}

@Misc{Hersbach2020,
  author    = {Hersbach, Hans and Bell, Bill and Berrisford, Paul and Hirahara, Shoji and Horányi, András and Muñoz Sabater, Joaquín and Nicolas, Julien and Peubey, Carole and Radu, Raluca and Schepers, Dinand and Simmons, Adrian and Soci, Cornel and Abdalla, Saleh and Abellan, Xavier and Balsamo, Gianpaolo and Bechtold, Peter and Biavati, Gionata and Bidlot, Jean and Bonavita, Massimo and De Chiara, Giovanna and Dahlgren, Per and Dee, Dick and Diamantakis, Michail and Dragani, Rossana and Flemming, Johannes and Forbes, Richard and Fuentes, Manuel and Geer, Alan and Haimberger, Leo and Healy, Sean and Hogan, Robin J. and Hólm, Elías and Janisková, Marta and Keeley, Sarah and Laloyaux, Patrick and Lopez, Philippe and Lupu, Cristina and Radnoti, Gabor and de Rosnay, Patricia and Rozum, Iryna and Vamborg, Freja and Villaume, Sebastien and Thépaut, Jean‐Noël},
  month     = jun,
  title     = {The ERA5 global reanalysis},
  year      = {2020},
  doi       = {10.1002/qj.3803},
  issn      = {1477-870X},
  journal   = {Quarterly Journal of the Royal Meteorological Society},
  number    = {730},
  pages     = {1999--2049},
  publisher = {Wiley},
  volume    = {146},
}

@Misc{TheDefinitionofElNio,
  author    = {Kevin E. Trenberth},
  title     = {The Definition of El Niño},
  year      = {1997},
  address   = {Boston MA, USA},
  doi       = {10.1175/1520-0477(1997)078<2771:TDOENO>2.0.CO;2},
  journal   = {Bulletin of the American Meteorological Society},
  number    = {12},
  pages     = {2771 - 2778},
  publisher = {American Meteorological Society},
  volume    = {78},
}

@Misc{Silva2016,
  author    = {Silva, Allan Rodrigues and Pimenta, Felipe Mendonça and Assireu, Arcilan Trevenzoli and Spyrides, Maria Helena Constantino},
  month     = apr,
  title     = {Complementarity of Brazil's hydro and offshore wind power},
  year      = {2016},
  doi       = {10.1016/j.rser.2015.11.045},
  issn      = {1364-0321},
  journal   = {Renewable and Sustainable Energy Reviews},
  pages     = {413--427},
  publisher = {Elsevier BV},
  volume    = {56},
}

@Misc{Wang2025,
  author    = {Wang, Yiwen and Levin, Todd and Kwon, Jonghwan and Baker, Erin},
  month     = jun,
  title     = {The value of hydropower flexibility for electricity system decarbonization},
  year      = {2025},
  doi       = {10.1016/j.egyr.2025.02.019},
  issn      = {2352-4847},
  journal   = {Energy Reports},
  pages     = {2711--2721},
  publisher = {Elsevier BV},
  volume    = {13},
}

@Misc{Magazzino2021,
  author    = {Magazzino, Cosimo and Mele, Marco and Morelli, Giovanna},
  month     = jan,
  title     = {The Relationship between Renewable Energy and Economic Growth in a Time of Covid-19: A Machine Learning Experiment on the Brazilian Economy},
  year      = {2021},
  doi       = {10.3390/su13031285},
  issn      = {2071-1050},
  journal   = {Sustainability},
  number    = {3},
  pages     = {1285},
  publisher = {MDPI AG},
  volume    = {13},
}

@Comment{jabref-meta: databaseType:bibtex;}
